@book{moore_kearsley_2012, 
	place={Belmont, CA, USA}, 
	title={Distance education: a systems view of online learning}, 
	publisher={Wadsworth Cengage Learning}, 
	author={Moore, Michael G. and Kearsley, Greg}, 
	year={2012}
}

@article{david_shimer_2015, 
	title={Students on discrimination, campus climate},
 	journal={Yale Daily News},
 	author={David Shimer}, 
  	year={2015}
  }

@article{kumar2010pros,
  title={Pros and cons of online education},
  author={Kumar, Dhirendra},
  journal={Manuscript, North Carolina State University, Raleigh, NC, USA},
  year={2010}
}